/users/philg/Documents/library.bib